@article{mori2016-estimatingHandicapEffect,
  title={Estimating the Handicap Effect in the Go Game: A Regression Discontinuity Design Approach},
  author={Mori, Kota},
  journal={arXiv preprint arXiv:1606.05778},
  year={2016},
  url={https://arxiv.org/pdf/1606.05778.pdf}
}

